@inproceedings{ke2017lightgbm,
  title={Lightgbm: A highly efficient gradient boosting decision tree},
  author={Ke, Guolin and Meng, Qi and Finley, Thomas and Wang, Taifeng and Chen, Wei and Ma, Weidong and Ye, Qiwei and Liu, Tie-Yan},
  booktitle={Advances in neural information processing systems},
  pages={3146--3154},
  year={2017}
}

@article{muchlinski2016comparing,
  title={Comparing random forest with logistic regression for predicting class-imbalanced civil war onset data},
  author={Muchlinski, David and Siroky, David and He, Jingrui and Kocher, Matthew},
  journal={Political Analysis},
  pages={87--103},
  year={2016},
  publisher={JSTOR}
}

@misc{muchlinski_2019, title={Political Analysis Replication Files}, journal={davidmuchlinski.com}, author={Muchlinski, David}, year={2019}} 

@article{muchlinski_seeing_2019,
	title = {Seeing the {Forest} through the {Trees}},
	volume = {27},
	issn = {1047-1987, 1476-4989},
	url = {https://www.cambridge.org/core/journals/political-analysis/article/seeing-the-forest-through-the-trees/E717D15F10CC4F979EDC35C0CB9B55C1},
	doi = {10.1017/pan.2018.45},
	abstract = {//static.cambridge.org/content/id/urn\%3Acambridge.org\%3Aid\%3Aarticle\%3AS1047198718000451/resource/name/firstPage-S1047198718000451a.jpg},
	language = {en},
	number = {1},
	urldate = {2020-09-24},
	journal = {Political Analysis},
	author = {Muchlinski, David Alan and Siroky, David and He, Jingrui and Kocher, Matthew Adam},
	month = jan,
	year = {2019},
	keywords = {data analysis algorithms, model selection, binary logistic regression},
	pages = {111--113},
	file = {Full Text PDF:/Users/jdklein/Zotero/storage/B8QYN84V/Muchlinski et al. - 2019 - Seeing the Forest through the Trees.pdf:application/pdf;Snapshot:/Users/jdklein/Zotero/storage/Q2LN929K/E717D15F10CC4F979EDC35C0CB9B55C1.html:text/html}
}
